@book{Brucker2007,
  title={Scheduling algorithms},
  author={Brucker, P.},
  year={2007},
  publisher={Springer}
}

@inproceedings{Huang2010,
  author={Huang, K.-L. and Hung, B.-W.},
  title={Hybrid genetic algorithms for flowshop scheduling with synchronous material movement},
  booktitle={40th International Conference on Computers and Industrial
Engineering (CIE)},
  pages={1--6},
  year={2010},
  organization={IEEE}
}

@Article{Lehnfeld2014,
  Author                   = {J. Lehnfeld and S. Knust},
  Title                    = {Loading, unloading and premarshalling of stacks in storage areas: Survey and classification },
  Journal                  = {European Journal of Operational Research},
  Year                     = {2014},
  Volume                   = {239},
  Number                   = {2},
  Pages                    = {297--312}
}
